@INCOLLECTION{LaemmelKluepfelNagel2009EvacPadangAtBookTimmermanns,
  author = {L{\"a}mmel, G. and Kl{\"u}pfel, H. and Nagel, K.},
  title = {The {MATS}im Network Flow Model for Traffic Simulation Adapted to
        Large-Scale Emergency Egress and an Application to the Evacuation
        of the {I}ndonesian City of {P}adang in Case of a Tsunami Warning},
  booktitle = {Pedestrian Behavior},
  publisher = {Emerald Group Publishing Limited},
  year = {2009},
  editor = {Timmermans, H.},
  chapter = {11},
  pages = {245--265}
}

@PHDTHESIS{laemmel2011Diss,
  author = {L{\"a}mmel, G.},
  title = {Escaping the Tsunami: Evacuation Strategies for Large Urban Areas.
        Concepts and Implementation of a Multi-Agent Based Approach},
  school = {TU Berlin},
  year = {2011},
  linf = {never in linf (thesis)},
  owner = {laemmel},
  timestamp = {2011.10.25},
  url = {http://opus.kobv.de/tuberlin/volltexte/2011/3270/},
  vspwp = {11-28}
}

@INPROCEEDINGS{LaemmelKluepfel2012InfluenceOfDepartureTimeDistribution,
  author = {L{\"a}mmel, G. and Kl{\"u}pfel, H.},
  title = {Slower is faster: the influence of departure time distribution on
        the overall evacuation performance},
  booktitle = {International Conference on Evacuation Modeling and Mangement},
  year = {2012},
  file = {LaemmelKluepfel2012InfluenceOfDepartureTimeDistribution.pdf:2012/LaemmelKluepfel2012InfluenceOfDepartureTimeDistribution.pdf:PDF},
  owner = {laemmel},
  projectname = {GRIPS},
  timestamp = {2012.07.30},
  vspwp = {11-29}
}

@BOOK{FordFulkerson1962FlowsInNetworks,
  title = {Flows in Networks},
  publisher = {Princeton University Press},
  year = {1962},
  author = {Ford, L.R. and Fulkerson, D.R.},
  file = {FordFulkerson1962FlowsInNetworks.pdf:1962/FordFulkerson1962FlowsInNetworks.pdf:PDF},
  owner = {laemmel},
  timestamp = {2009.11.27}
}

@ARTICLE{LuGeorgeEtAl2005CapacityConstrainedRouting,
  author = {Lu, Q. and George, B. and Shekhar, S.},
  title = {Capacity Constrained Routing Algorithms for Evacuation Planning:
        A Summary of Results},
  journal = {LNCS},
  year = {2005},
  volume = {3633},
  pages = {291-307}
}

