% This file was created with JabRef 2.10.
% Encoding: ISO8859_1


@String { TRB = {Transportation Research Part B: Methodological} }
@String { TRC = {Transportation Research Part C: Emerging Technologies} }

@InCollection{BaerwolffEtAl2012PedMultiDestCrowds,
  Title                    = {Methods for Modeling and Simulation of Multi-Destination Pedestrian Crowds},
  Author                   = {B{\"a}rwolff, G. and Chen, M. and Huth, F. and L{\"a}mmel, G. and Plaue, M. and Schwandt, H.},
  Year                     = {2014},
  Pages                    = {775--788},

  Crossref                 = {pedProc-book12},
  File                     = {BaerwolffEtAl2012PedMultiDestCrowds.pdf:2012/BaerwolffEtAl2012PedMultiDestCrowds.pdf:PDF},
  Owner                    = {laemmel},
  Projectname              = {multiDestPeds},
  Timestamp                = {2012.05.14},
  Vspwp                    = {11-23}
}

@InCollection{BakillahEtAl2012PEDGRIPS,
  Title                    = {Multi-agent Transport Simulation for Regional Evacuation Processes},
  Author                   = {M. Bakillah and H. Kl{\"u}pfel and G. L{\"a}mmel and G. Walenciak},
  Year                     = {2014},
  Pages                    = {1197--1206},

  Crossref                 = {pedProc-book12}
}

@InCollection{00DoblerLaemmelAxhausen2012PedMultiModal,
  Title                    = {Integration of a multi-modal simulation module into a framework for large-scale transport systems simulation},
  Author                   = {Dobler, C. and L{\"a}mmel, G.},
  Year                     = {2014},
  Pages                    = {739--754},

  Crossref                 = {pedProc-book12},
  File                     = {DoblerLaemmelAxhausen2012PedMultiModal.pdf:2012/DoblerLaemmelAxhausen2012PedMultiModal.pdf:PDF},
  Owner                    = {laemmel},
  Projectname              = {GRIPS,multiDestPeds},
  Timestamp                = {2012.05.14},
  Vspwp                    = {11-24}
}

@InCollection{00DurstAtAl2012PEDGRIPSAppl,
  Title                    = {Large-scale Multi-Modal Evacuation Analysis with an Application to {H}amburg},
  Author                   = {Durst, D. and L{\"a}mmel, G. and Kl{\"u}pfel, H.},
  Year                     = {2014},
  Pages                    = {361--369},

  Crossref                 = {pedProc-book12}
}

@InCollection{00LaemmelKluepfelNagel2010PEDRiskPrinted,
  Title                    = {Risk minimizing evacuation strategies under uncertainty},
  Author                   = {L{\"a}mmel, G. and Kl{\"u}pfel, H. and Nagel, K.},
  Booktitle                = {Pedestrian and Evacuation Dynamics},
  Year                     = {2011},
  Pages                    = {287--296},

  Crossref                 = {pedProc-book10},
  Doi                      = {10.1007/978-1-4419-9725-8_26}
}

@InCollection{00LaemmelPlaue2012CollisionAvoidingModels,
  Title                    = {Getting out of the way: collision avoiding pedestrian models compared to the real world},
  Author                   = {G. L{\"a}mmel and M. Plaue},
  Year                     = {2014},
  Pages                    = {1275--1289},

  Crossref                 = {pedProc-book12},
  File                     = {LaemmelPlaue2012CollisionAvoidingModels.pdf:2012/LaemmelPlaue2012CollisionAvoidingModels.pdf:PDF},
  Owner                    = {laemmel},
  Projectname              = {multiDestPeds},
  Timestamp                = {2012.05.14},
  Vspwp                    = {11-25}
}

@InCollection{LaemmelRieserNagel2010PED2008ZrhEvac,
  Title                    = {Large Scale Microscopic Evacuation Simulation},
  Author                   = {L{\"a}mmel, G. and Rieser, M. and Nagel},
  Year                     = {2010},
  Pages                    = {503--508},

  Crossref                 = {pedProc-book08}
}

@InCollection{LaemmelEtAl2010PED2008LastMilePDGScenario,
  Title                    = {Emergency Preparedness In The Case Of A Tsunami -- Evacuation Analysis And Traffic Optimization For The {I}ndonesian City Of {P}adang},
  Author                   = {L{\"a}mmel, G. and Rieser, M. and Nagel, K. and Taubenb{\"o}ck, H. and Strunz, G. and Goseberg, N. and Schlurmann, T. and Kl{\"u}pfel, H. and Setiadi, N. and Birkmann, J.},
  Year                     = {2010},
  Pages                    = {159--170},

  Crossref                 = {pedProc-book08}
}

@InCollection{BergerLaemmel2007RoboCupCBR,
  Title                    = {Exploiting {P}ast {E}xperience -- {C}ase-{B}ased {D}ecision {S}upport for {S}occer {A}gents},
  Author                   = {Berger, R. and L{\"a}mmel, G.},
  Booktitle                = {KI 2007: Advances in Artificial Intelligence},
  Publisher                = {Springer},
  Year                     = {2007},

  Address                  = {Berlin Heidelberg},
  Editor                   = {Carbonell, J.G. and Siekmann, J.},
  Pages                    = {440--443},
  Series                   = {LNCS (LNAI)},
  Volume                   = {4667}
}

@InProceedings{BirkmannEtc2008ICTWLastMileGeneral,
  Title                    = {Numerical last-mile tsunami early warning and evacuation information system (``last-mile -- evacuation'')},
  Author                   = {Birkmann, J. and Dech and Goseberg, N. and Kl{\"u}pfel, H. and L{\"a}mmel, G. and Moder and Nagel, K. and Oczipka and Schlurmann, T. and Setiadi, N. and Siegert and Strunz and Taubenb{\"o}ck},
  Booktitle                = {International conference on tsunami warning ({ICTW}) '08},
  Year                     = {2008},

  Address                  = {Bali, Indonesia},

  File                     = {BirkmannEtc2008ICTWLastMileGeneral.pdf:2008/BirkmannEtc2008ICTWLastMileGeneral.pdf:PDF},
  Owner                    = {nagel},
  Timestamp                = {2008.12.12},
  Vspwp                    = {kein vspwp}
}

@InCollection{BirkmannEtAl2008Geotechnologien,
  Title                    = {Numerical Last-Mile Tsunami Early Warning and Evacation Information System (``{L}ast-{M}ile -- {E}vacuation '')},
  Author                   = {Birkmann, J. and Dech, S. and Goseberg, N. and Kl{\"u}pfel, H. and L{\"a}mmel, G. and Moder, F. and Nagel, K. and Oczipka, M. and Schlurmann, T. and Setiadi, N. and Siegert, F. and Strunz, G. and Taubenb{\"o}ck, H.},
  Booktitle                = {GEOTECHNOLOGIEN Science Report No. 10: {``}Early Warning Systems in Earth Management{''}},
  Year                     = {2008},

  Address                  = {Osnabr{\"u}ck},
  Month                    = {October},
  Pages                    = {73--83}
}

@InProceedings{00DoblerLaemmel2012MultiModalEvac,
  Title                    = {A framework for large-scale multi-modal microscopic evacuation simulations},
  Author                   = {Dobler, C. and L{\"a}mmel, G.},
  Booktitle                = {International Conference on Evacuation Modeling and Management},
  Year                     = {2012},

  Address                  = {Northwestern University, Evanston, Illinois, USA},

  File                     = {DoblerLaemmel2012MultiModalEvac.pdf:2012/DoblerLaemmel2012MultiModalEvac.pdf:PDF},
  Owner                    = {laemmel},
  Projectname              = {GRIPS, multiDestPeds},
  Timestamp                = {2012.07.30},
  Vspwp                    = {12-10}
}

@InCollection{00DresslerFloetteroedLaemmelNagelSkutella2010OptimalEvacuationLargeScaleScenarios,
  Title                    = {Optimal Evacuation Solutions for Large-Scale Scenarios},
  Author                   = {Dressler, D. and Fl{\"o}tter{\"o}d, G. and L{\"a}mmel, G. and Nagel, K. and Skutella, M.},
  Booktitle                = {Operations Research Proceedings 2010},
  Publisher                = {Springer Berlin Heidelberg},
  Year                     = {2011},
  Editor                   = {Hu, Bo and Morasch, Karl and Pickl, Stefan and Siegle, Markus},
  Pages                    = {239-244},

  Doi                      = {10.1007/978-3-642-20009-0\_38},
  ISBN                     = {978-3-642-20009-0},
  Keyword                  = {Economics/Management Science},
  Optnote                  = {Also VSP WP 10-06, see www.vsp.tu-berlin.de/publications},
  Optseries                = {Operations Research Proceedings},
  Opturl                   = {http://dx.doi.org/10.1007/978-3-642-20009-0_38}
}

@Article{00FloetteroedLaemmel2014BiPedFnd,
  Title                    = {Bidirectional pedestrian fundamental diagram},
  Author                   = {Fl\"otter\"od, G. and L{\"a}mmel, G.},
  Journal                  = TRB,
  Year                     = {2015},
  Number                   = {1},
  Pages                    = {194--212},
  Volume                   = {71},

  Owner                    = {laemmel},
  Timestamp                = {2014.01.31}
}

@InCollection{00FloetteroedLaemmel2010ICECShelterEvac,
  Title                    = {Evacuation Simulation with Limited Capacity Sinks -- An Evolutionary Approach to Solve the Shelter Allocation and Capacity Assignment Problem in a Multi-agent Evacuation Simulation.},
  Author                   = {Gunnar Fl\"otter\"od and Gregor L\"ammel},
  Booktitle                = {IJCCI (ICEC)},
  Publisher                = {SciTePress},
  Year                     = {2010},
  Editor                   = {Filipe, J. and Kacprzyk, J.},
  Pages                    = {249--254},

  ISBN                     = {978-989-8425-31-7}
}

@InCollection{00GosebergEtAl2012LastLastMile,
  Title                    = {The Last-Mile Evacuation project: A multi-disciplinary approach to evacuation planning and risk reduction in tsunami-threatend coastal areas},
  Author                   = {Goseberg, N. and L{\"a}mmel, G. and Taubenb{\"o}ck, H. and Setiadi, N. and Birkmann, J. and Schlurmann, T.},
  Booktitle                = {Early Warning for Geological Disasters: Scientific Methods and Current Practice},
  Publisher                = {Springer},
  Year                     = {2013},
  Chapter                  = {11},
  Editor                   = {Wenzel, F. and Zschau, J.},
  Pages                    = {205--224},

  Doi                      = {10.1007/978-3-642-12233-0\_11},
  File                     = {GosebergEtAl2012LastLastMile.pdf:2012/GosebergEtAl2012LastLastMile.pdf:PDF},
  Institution              = {FI Hannover},
  ISBN                     = {978-3-642-12232-3},
  Owner                    = {laemmel},
  Projectname              = {LastMile},
  Timestamp                = {2012.07.30},
  Vspwp                    = {12-09}
}

@InCollection{KluepfelLaemmel2014MatsimBookHH,
  Title                    = {Hamburg Wilhelmsburg},
  Author                   = {Kl\"upfel, H. and L\"ammel, G.},
  Booktitle                = {The Multi-Agent Transport Simulation MATSim},
  Year                     = {forthcoming},
  Editor                   = {Andreas Horni},

  Owner                    = {laemmel},
  Timestamp                = {2014.10.02}
}

@PhdThesis{laemmel2011Diss,
  Title                    = {Escaping the Tsunami: Evacuation Strategies for Large Urban Areas. Concepts and Implementation of a Multi-Agent Based Approach},
  Author                   = {L{\"a}mmel, G.},
  School                   = {TU Berlin},
  Year                     = {2011},

  Linf                     = {never in linf (thesis)},
  Owner                    = {laemmel},
  Timestamp                = {2011.10.25},
  Url                      = {http://opus.kobv.de/tuberlin/volltexte/2011/3270/},
  Vspwp                    = {11-28}
}

@TechReport{laemmel2011first2dsim,
  Title                    = {Coupling force-based and graph-based models for multi-agent wayfinding in complex environments},
  Author                   = {L{\"a}mmel, G.},
  Institution              = {TU Berlin},
  Year                     = {2011},
  Number                   = {11-20},

  File                     = {laemmel2011first2dsim.pdf:2011/laemmel2011first2dsim.pdf:PDF},
  Linf                     = {linf'13?},
  Owner                    = {laemmel},
  Projectname              = {multiDestPeds},
  Timestamp                = {2011.10.26},
  Url                      = {https://svn.vsp.tu-berlin.de/repos/public-svn/publications/vspwp/2011/11-20/},
  Vspwp                    = {11-20}
}

@MastersThesis{laemmel2006Diplom,
  Title                    = {Fallbasierte {V}erhaltenssteuerung im {R}obo{C}up -- {E}in {V}erfahren zum {F}allbasierten {E}rkennen von {D}oppelpass-{S}ituationen und der {S}teuerung eines entsprechenden {V}erhaltens in der {R}obo{C}up {S}imulationsliga},
  Author                   = {L{\"a}mmel, G.},
  School                   = {Institut f{\"u}r Informatik, Humboldt Universit{\"a}t zu Berlin},
  Year                     = {2006},
  Type                     = {Diploma Thesis}
}

@InCollection{00LaemmelFloetteroed2009KISysOptEvac,
  Title                    = {Towards system optimum: Finding optimal routing strategies in time-tependent networks for large-scale evacuation problems},
  Author                   = {L{\"a}mmel, G. and Fl{\"o}tter{\"o}d, G.},
  Booktitle                = {KI 2009: Advances in Artificial Intelligence},
  Publisher                = {Springer},
  Year                     = {2009},

  Address                  = {Berlin Heidelberg},
  Editor                   = {Mertsching, B. and Hund, M. and Aziz, Z.},
  Pages                    = {532--539},
  Series                   = {LNCS (LNAI)},
  Volume                   = {5803},

  Doi                      = {10.1007/978-3-642-04617-9_67}
}

@InCollection{LaemmelEtAl2010Geotechnologien,
  Title                    = {{L}ast-{M}ile -- Numerical Last-Mile Tsunami Early Warning and Evacation Information System},
  Author                   = {L{\"a}mmel, G. and Goseberg, N. and Heinzel, V. and Kongo, W. and Setiadi, N. and Taubenb{\"o}ck, H. and Schlurmann, T. and Oczipka, M. and Kl{\"u}pfel, H. and Strunz, G. and Birkmann, J. and Nagel, K. and Siegert, F. and Lehmann, F. and Dech, S. and Gress, A. and Wahl, R. and Klein, R.},
  Booktitle                = {GEOTECHNOLOGIEN Science Report No. 13: {``}Early Warning Systems in Earth Management{''}},
  Year                     = {2010}
}

@Article{00LaemmelGretherNagel2009TimeDependentNetworks,
  Title                    = {The representation and implementation of time-dependent inundation in large-scale microscopic evacuation simulations},
  Author                   = {L{\"a}mmel, G. and Grether, D. and Nagel, K.},
  Journal                  = TRC,
  Year                     = {2010},

  Month                    = {February},
  Number                   = {1},
  Pages                    = {84--98},
  Volume                   = {18},

  Doi                      = {DOI: 10.1016/j.trc.2009.04.020},
}

@InProceedings{00LaemmelKluepfel2012InfluenceOfDepartureTimeDistribution,
  Title                    = {Slower is faster: the influence of departure time distribution on the overall evacuation performance},
  Author                   = {L{\"a}mmel, G. and Kl{\"u}pfel, H.},
  Booktitle                = {International Conference on Evacuation Modeling and Management},
  Year                     = {2012},

  Address                  = {Northwestern University, Evanston, Illinois, USA},

  File                     = {LaemmelKluepfel2012InfluenceOfDepartureTimeDistribution.pdf:2012/LaemmelKluepfel2012InfluenceOfDepartureTimeDistribution.pdf:PDF},
  Owner                    = {laemmel},
  Projectname              = {GRIPS},
  Timestamp                = {2012.07.30},
  Vspwp                    = {11-29}
}

@InCollection{00LaemmelKluepfelNagel2009EvacPadangAtBookTimmermanns,
  Title                    = {The {MATS}im Network Flow Model for Traffic Simulation Adapted to Large-Scale Emergency Egress and an Application to the Evacuation of the {I}ndonesian City of {P}adang in Case of a Tsunami Warning},
  Author                   = {L{\"a}mmel, G. and Kl{\"u}pfel, H. and Nagel, K.},
  Booktitle                = {Pedestrian Behavior},
  Publisher                = {Emerald Group Publishing Limited},
  Year                     = {2009},
  Chapter                  = {11},
  Editor                   = {Timmermans, H.},
  Pages                    = {245--265}
}

@InProceedings{LaemmelKluepfelNagel2008EvacICTW,
  Title                    = {Preliminary results of a large scale microscopic evacuation simulation for the city of {P}adang in the case of a tsunami},
  Author                   = {L{\"a}mmel, G. and Kl{\"u}pfel, H. and Nagel, K.},
  Booktitle                = {International conference on tsunami warning ({ICTW}) '08},
  Year                     = {2008},

  Address                  = {Bali, Indonesia},
  Month                    = {November}
}

@TechReport{LaemmelNagel2009PadangTrb,
  Title                    = {Multi agent based large-scale evacuation simulation},
  Author                   = {L{\"a}mmel, G. and Nagel, K.},
  Institution              = {Transportation Research Board},
  Year                     = {2009},

  Address                  = {Washington, D.C.},
  Number                   = {09-2135},
  Type                     = {Annual Meeting Preprint}
}

@InProceedings{LaemmelRieserNagel2008aamas-att,
  Title                    = {Bottlenecks and congestion in evacuation scenarios: {A} microscopic evacuation simulation for large-scale disasters},
  Author                   = {L{\"a}mmel, G. and M. Rieser and K. Nagel},
  Booktitle                = {5th Workshop on Agents in Traffic and Transportation (ATT) @ Autonomous Agents and Multiagent Systems (AAMAS) '08},
  Year                     = {2008},

  Address                  = {Estoril, Portugal},
  Month                    = {May},

  Comment                  = {ok (version from conference cd)},
  File                     = {LaemmelRieserNagel2008aamas-att.pdf:2008/LaemmelRieserNagel2008aamas-att.pdf:PDF},
  Owner                    = {nagel},
  Projectname              = {LastMile},
  Timestamp                = {2010.10.25},
  Vspwp                    = {07-18}
}

@TechReport{LaemmelSeyfriedSteffen2014hybridTRB,
  Title                    = {Large-scale and microscopic: a fast simulation approach for urban areas},
  Author                   = {L{\"a}mmel, G. and Seyfried, A. and Steffen, B.},
  Institution              = {Transportation Research Board},
  Year                     = {2014},

  Address                  = {Washington, D.C.},
  Number                   = {14-3890},
  Type                     = {Annual Meeting Preprint}
}

@InCollection{Laemmel2014MatsimBookPDG,
  Title                    = {Padang},
  Author                   = {L\"ammel, G.},
  Booktitle                = {The Multi-Agent Transport Simulation MATSim},
  Year                     = {forthcoming},
  Editor                   = {Andreas Horni},

  Owner                    = {laemmel},
  Timestamp                = {2014.10.02}
}

@InCollection{laemmel2008Ki,
  Title                    = {Agents in Traffic and Transportation},
  Author                   = {L\"ammel, G.},
  Booktitle                = {K\"unstliche Intelligenz},
  Publisher                = {B\"ottcherIT Verlag},
  Year                     = {2008},

  Address                  = {Bremen},
  Number                   = {3},
  Pages                    = {44},

  Owner                    = {laemmel},
  Timestamp                = {2013.04.27}
}

@InCollection{LaemmelEtAl2014MatsimBookEvac,
  Title                    = {Evacuation planning: towards an integrated approach},
  Author                   = {L\"ammel, G. and Dobler, C. and Kl\"upfel, H.},
  Booktitle                = {The Multi-Agent Transport Simulation MATSim},
  Year                     = {forthcoming},
  Editor                   = {Andreas Horni},

  Owner                    = {laemmel},
  Timestamp                = {2014.10.02}
}

@Article{00TaubenboeckEtAl2012ConcludingLastMilePaperNatHazards,
  Title                    = {Risk reduction at the ``{L}ast-{M}ile'': an attempt to turn science into action by the Example of {P}adang, {I}ndonesia},
  Author                   = {Taubenb{\"o}ck, H. and Goseberg, N. and L{\"a}mmel, G. and Setiadi, N. and Schlurmann, T. and Nagel, K. and Siegert, F. and Birkmann, J. and Traub, K.-P. and Dech, S. and Keuck, V. and Lehmann, F. and Strunz, G. and Kl{\"u}pfel, H.},
  Journal                  = {Natural Hazards},
  Year                     = {2013},
  Number                   = {1},
  Pages                    = {915--1945},
  Volume                   = {65},

  Doi                      = {10.1007/s11069-012-0377-0}
}

@Article{TaubenboeckEtc2009LastMileOverview,
  Title                    = {{``{L}ast-{M}ile''} preparation for a potential disaster -- {I}nterdisciplinary approach towards tsunami early warning and an evacuation information system for the coastal city of {P}adang, {I}ndonesia},
  Author                   = {Taubenb{\"o}ck, H. and Goseberg, N. and Setiadi, N. and L{\"a}mmel, G. and Moder, F. and Oczipka, M. and Kl{\"u}pfel, H. and Wahl, R. and Schlurmann, T. and Strunz, G. and Birkmann, J. and Nagel, K. and Siegert, F. and Lehmann, F. and Dech, S. and Gress, A. and Klein, R.},
  Journal                  = {Natural Hazards and Earth System Science},
  Year                     = {2009},
  Number                   = {4},
  Pages                    = {1509--1528},
  Volume                   = {9},

  ISSN                     = {1561-8633},
  Url                      = {http://www.nat-hazards-earth-syst-sci.net/9/1509/2009/}
}

@InCollection{TaubenboeckEtAl2009Geotechnologien,
  Title                    = {{L}ast-{M}ile -- Numerical Last-Mile Tsunami Early Warning and Evacation Information System},
  Author                   = {Taubenb{\"o}ck, H. and Goseberg, N. and Setiadi, N. and L{\"a}mmel, G. and Moder, F. and Schlurmann, T. and Oczipka, M. and Kl{\"u}pfel, H. and Strunz, G. and Birkmann, J. and Nagel, K. and Siegert, F. and Lehmann, F. and Dech, S. and Gress, A. and Klein, R.},
  Booktitle                = {GEOTECHNOLOGIEN Science Report No. 13: {``}Early Warning Systems in Earth Management{''}},
  Year                     = {2009}
}
@Book{pedProc-book08,
  Title                    = {Pedestrian and Evacuation Dynamics 2008},
  Editor                   = {Klingsch, W.W.F. and Rogsch, C. and Schadschneider, A. and Schreckenberg, M.},
  Publisher                = {Springer},
  Year                     = {2010},

  Address                  = {Berlin Heidelberg},

  Booktitle                = {Pedestrian and Evacuation Dynamics 2008}
}

@Book{pedProc-book10,
  Title                    = {Pedestrian and Evacuation Dynamics 2010},
  Editor                   = {Peacock, R. and Kuligowski, E. and Averill, J.},
  Publisher                = {Springer},
  Year                     = {2011},

  Address                  = {New York},

  Doi                      = {10.1007/978-1-4419-9725-8_26},
  Owner                    = {laemmel},
  Timestamp                = {2010.07.23}
}

@Book{pedProc-book12,
  Editor                   = {U. Weidmann and Kirsch, U. and Schreckenberg, M.},
  Publisher                = {Springer},
  Year                     = {2014},

  Address                  = {Cham},

  Booktitle                = {Pedestrian and Evacuation Dynamics 2012},
  Owner                    = {laemmel},
  Timestamp                = {2010.07.23}
}


